<record><leader>00000cas a2200000 a 4500</leader><controlfield tag="001">14983145</controlfield><controlfield tag="008">861217c18899999tnuwr ne      0    0eng d</controlfield><datafield ind1=" " ind2=" " tag="010"><subfield code="a">sn 86083434 </subfield></datafield><datafield ind1=" " ind2=" " tag="040"><subfield code="a">NPH</subfield><subfield code="b">eng</subfield><subfield code="c">NPH</subfield><subfield code="d">KNP</subfield><subfield code="d">TGN</subfield><subfield code="d">OCL</subfield><subfield code="d">OCLCQ</subfield><subfield code="d">OCLCF</subfield><subfield code="d">OCLCO</subfield></datafield><datafield ind1=" " ind2=" " tag="042"><subfield code="a">msc</subfield></datafield><datafield ind1=" " ind2=" " tag="043"><subfield code="a">n-us-tn</subfield></datafield><datafield ind1=" " ind2="4" tag="050"><subfield code="a">AN48.T39</subfield><subfield code="b">C53</subfield></datafield><datafield ind1="0" ind2="0" tag="245"><subfield code="a">Claiborne progress.</subfield></datafield><datafield ind1="1" ind2=" " tag="246"><subfield code="i">Issues for June 10-Dec. 23, 1942 have title:</subfield><subfield code="a">Claiborne progress with which is combined the New Tazewell enterprise</subfield></datafield><datafield ind1="1" ind2=" " tag="246"><subfield code="i">Issues for: Dec. 22, 1964; Dec. 23-30, 1965; Jan 6, Dec. 22, 29, 1966; Jan. 14-July 8, 1971 have title:</subfield><subfield code="a">Claiborne progress, Union County times</subfield></datafield><datafield ind1=" " ind2=" " tag="260"><subfield code="a">Tazewell, Tenn. :</subfield><subfield code="b">Benjamin Haynes,</subfield><subfield code="c">1889-</subfield></datafield><datafield ind1=" " ind2=" " tag="300"><subfield code="a">v. :</subfield><subfield code="b">ill. ;</subfield><subfield code="c">56 cm.</subfield></datafield><datafield ind1=" " ind2=" " tag="310"><subfield code="a">Weekly</subfield></datafield><datafield ind1="0" ind2=" " tag="362"><subfield code="a">Vol. 3, no. 5 (Dec. 5, 1889)-</subfield></datafield><datafield ind1=" " ind2=" " tag="500"><subfield code="a">Titles: Union County times, and : Hancock County news, appear in small print on masthead of Dec. 26, 1963 issue.</subfield></datafield><datafield ind1=" " ind2="0" tag="651"><subfield code="a">Tazewell (Tenn.)</subfield><subfield code="v">Newspapers.</subfield></datafield><datafield ind1=" " ind2="0" tag="651"><subfield code="a">New Tazewell (Tenn.)</subfield><subfield code="v">Newspapers.</subfield></datafield><datafield ind1=" " ind2="0" tag="651"><subfield code="a">Claiborne County (Tenn.)</subfield><subfield code="v">Newspapers.</subfield></datafield><datafield ind1=" " ind2="7" tag="655"><subfield code="a">Newspapers.</subfield><subfield code="2">fast</subfield><subfield code="0">(OCoLC)fst01423814</subfield></datafield><datafield ind1=" " ind2="7" tag="651"><subfield code="a">Tennessee</subfield><subfield code="z">Claiborne County.</subfield><subfield code="2">fast</subfield><subfield code="0">(OCoLC)fst01211335</subfield></datafield><datafield ind1=" " ind2="7" tag="651"><subfield code="a">Tennessee</subfield><subfield code="z">New Tazewell.</subfield><subfield code="2">fast</subfield><subfield code="0">(OCoLC)fst01256400</subfield></datafield><datafield ind1=" " ind2="7" tag="651"><subfield code="a">Tennessee</subfield><subfield code="z">Tazewell.</subfield><subfield code="2">fast</subfield><subfield code="0">(OCoLC)fst01205985</subfield></datafield><datafield ind1=" " ind2=" " tag="752"><subfield code="a">United States</subfield><subfield code="b">Tennessee</subfield><subfield code="c">Claiborne</subfield><subfield code="d">Tazewell.</subfield></datafield><datafield ind1=" " ind2=" " tag="752"><subfield code="a">United States</subfield><subfield code="b">Tennessee</subfield><subfield code="c">Claiborne</subfield><subfield code="d">New Tazewell.</subfield></datafield><datafield ind1="0" ind2="0" tag="780"><subfield code="t">Cumberland Gap progress</subfield><subfield code="w">(DLC)sn 98069874</subfield></datafield><datafield ind1="0" ind2="5" tag="780"><subfield code="t">New Tazewell enterprise</subfield><subfield code="g">June 3, 1942</subfield><subfield code="w">(DLC)sn 98069881</subfield></datafield><datafield ind1="0" ind2="5" tag="780"><subfield code="t">Hancock County news</subfield><subfield code="g">Jan. 23, 1964</subfield><subfield code="w">(DLC)sn 89058251</subfield></datafield><datafield ind1="0" ind2="5" tag="780"><subfield code="t">Union County times (Maynardville, Tenn.)</subfield><subfield code="g">Jan. 1971</subfield><subfield code="w">(DLC)sn 89058179</subfield></datafield><datafield ind1="0" ind2="5" tag="780"><subfield code="t">Tazewell &amp; New Tazewell observer</subfield><subfield code="g">May 21, 1981</subfield><subfield code="w">(DLC)sn 98069875</subfield></datafield></record>